<record><leader>00000cas a22000007a 4500</leader><controlfield tag="001">13410238</controlfield><controlfield tag="008">860409d18871926wiuwr ne      0    0ger d</controlfield><datafield ind1=" " ind2=" " tag="010"><subfield code="a">sn 86086158 </subfield></datafield><datafield ind1=" " ind2=" " tag="040"><subfield code="a">NPV</subfield><subfield code="b">eng</subfield><subfield code="c">NPV</subfield><subfield code="d">OCL</subfield><subfield code="d">OCLCQ</subfield></datafield><datafield ind1=" " ind2=" " tag="042"><subfield code="a">msc</subfield></datafield><datafield ind1=" " ind2=" " tag="045"><subfield code="a">w8x2</subfield></datafield><datafield ind1=" " ind2=" " tag="052"><subfield code="a">4123</subfield><subfield code="b">K5</subfield></datafield><datafield ind1="0" ind2="0" tag="245"><subfield code="a">Kewaunee County banner.</subfield></datafield><datafield ind1="1" ind2="3" tag="246"><subfield code="a">Kewaunee County banner und acker &amp; gartenbau zeitung</subfield></datafield><datafield ind1=" " ind2=" " tag="260"><subfield code="a">Kewaunee, Wis. :</subfield><subfield code="b">Kewaunee Print. Co.</subfield></datafield><datafield ind1=" " ind2=" " tag="300"><subfield code="a">v.</subfield></datafield><datafield ind1=" " ind2=" " tag="310"><subfield code="a">Weekly</subfield></datafield><datafield ind1="1" ind2=" " tag="362"><subfield code="a">Began in 1887; ceased in 1926.</subfield><subfield code="z">Cf. Oehlerts, d. E. Guide to Wis. newspapers.</subfield></datafield><datafield ind1=" " ind2=" " tag="500"><subfield code="a">Editors: O.J. Ahnert, &lt;Feb. 1, 1906&gt;-&lt;Aug. 20, 1925&gt;.</subfield></datafield><datafield ind1=" " ind2=" " tag="530"><subfield code="a">Available on microfilm from The State Historical Society of Wisconsin.</subfield></datafield><datafield ind1=" " ind2=" " tag="588"><subfield code="a">Description based on: 19 Jahrg., no. 33 (Feb. 1, 1906).</subfield></datafield><datafield ind1=" " ind2=" " tag="752"><subfield code="a">United States</subfield><subfield code="b">Wisconsin</subfield><subfield code="c">Kewaunee</subfield><subfield code="d">Kewaunee.</subfield></datafield></record>